firm_id,quarter,industry,sales,cogs,inventory,receivables,payables
firm001,2018Q1,32,87399926.37,71287276.19,20300792.66,11432021.94,6683066.34
firm001,2018Q2,32,83188078.14,58553962.09,8429579.75,12709181.71,8677236.43
firm001,2018Q3,32,87615154.21,61206935.83,26206921.42,14652033.58,8107644.66
firm001,2018Q4,32,87889628.32,70830747.01,15089761.79,15387388.54,6583042.61
firm001,2019Q1,32,97054461.18,63552285.38,29350614.81,18805557.11,7015811.43
firm001,2019Q2,32,88591092.12,61260301.51,13220601.83,9749219.1,6949204.5
firm001,2019Q3,32,92745358.51,75146896.01,17416422.14,11839081.42,8280100.61
firm001,2019Q4,32,98988173.35,64927865.2,11853325.16,10725448.76,7742723.33
firm001,2020Q1,32,87240995.36,59022367.19,32866825.58,12504619.71,6356009.55
firm001,2020Q2,32,99501610.82,77483297.34,17269237.74,12938583.27,8938160.38
firm001,2020Q3,32,92918606.04,69818526.1,14996665.81,13056913.77,9080141.52
firm001,2020Q4,32,89585918.09,69549767.95,26484980.95,15558157.64,7932015.95
firm001,2021Q1,32,98917035.62,64370046.56,25526209.02,15405472.94,9537570.88
firm001,2021Q2,32,84219772.94,59760739.71,25799299.65,13994882.2,8693454.38
firm001,2021Q3,32,91273645.62,57313388.96,10581155.53,16419170.18,6087539.52
firm001,2021Q4,32,93992224.43,67710560.19,18723800.88,16785288.34,10537134.49
firm001,2022Q1,32,86293272.16,62474287.11,31438795.78,12593307.82,4991726.64
firm001,2022Q2,32,96106052.58,69156360.66,13323737.7,18030217.31,6510082.57
firm001,2022Q3,32,85912106.12,59667554.64,18419399.18,10593741.35,5120678.17
firm001,2022Q4,32,88842397.36,70036765.35,29241725.99,14577092.3,8029122.29
firm002,2018Q1,32,144113500.33,106639794.74,27660354.64,26246348.55,14763891.5
firm002,2018Q2,32,131813940.96,92803785.28,20504677.89,13912954.92,11018574.11
firm002,2018Q3,32,149379629.43,117366176.5,33428850.24,16852230.84,10649661.4
firm002,2018Q4,32,150882490.04,97544744.88,14050123.2,23761918.87,8316385.49
firm002,2019Q1,32,154481792.74,122256137.71,8909203.52,23676571.71,17326827.18
firm002,2019Q2,32,160123540.47,108059646.48,12565728.71,30050399.73,16406309.46
firm002,2019Q3,32,137381992.34,97308482.4,27419267.83,25351719.45,8285309.08
firm002,2019Q4,32,151052423.31,118057603.2,22842281.26,17593327.38,8641532.32
firm002,2020Q1,32,139838646.75,109294274.17,9208689.04,14098763.17,11207635.81
firm002,2020Q2,32,133465701.39,86738993.73,8626139.94,20349780.24,11510492.7
firm002,2020Q3,32,144094451.53,93216731.23,16946644.7,22916001.36,14416855.41
firm002,2020Q4,32,160632940.79,107354300.69,8285657.49,29406113.91,16467630.6
firm002,2021Q1,32,145017148.64,112285105.99,31387373.92,23342174.85,16678430.64
firm002,2021Q2,32,132304089.3,89215167.02,15484928.73,14826425.29,13557512.46
firm002,2021Q3,32,132495245.33,99969279.83,9926171.56,18029694.54,10759589.5
firm002,2021Q4,32,136910302.35,99150827.14,22444777.55,18031687.61,13518018.07
firm002,2022Q1,32,136290241.48,89747348.05,17571797.49,18785921.61,7948539.13
firm002,2022Q2,32,158473199.45,124499511.14,10885672.09,21702681.47,11322035.17
firm002,2022Q3,32,144797079.39,97776173.53,21548786.06,27838732.14,10210374.94
firm002,2022Q4,32,150618400.61,111325708.26,28302746.15,15990633.4,15255421.65
firm003,2018Q1,33,222731435.58,158126156.63,31617293.29,30891853.58,11128035.67
firm003,2018Q2,33,197465321.78,123876637.16,15349287.72,24932375.71,15463790.29
firm003,2018Q3,33,197532659.43,130675569.41,27474450.32,25039002.04,11321812.79
firm003,2018Q4,33,225667474.84,144022510.46,11501080.31,37903036.13,15909269.02
firm003,2019Q1,33,207789783.3,156334622.51,8283055.42,26213077.31,21527475.46
firm003,2019Q2,33,231070010.49,174489497.53,21458737.66,41022498.47,21087870.3
firm003,2019Q3,33,204141907.4,146203383.34,16505804.7,21190383.39,17720643.19
firm003,2019Q4,33,233121529.15,161937047.44,26353750.56,26158435.52,12685922.72
firm003,2020Q1,33,218128583.71,147493323.57,15327894.02,41231061.61,13025989.75
firm003,2020Q2,33,203601708.72,148516451.64,27339847.33,30913951.31,20201565.27
firm003,2020Q3,33,193736861.79,142831769.96,23735438.67,31541478.97,19191789.24
firm003,2020Q4,33,201567755.17,154239070.64,34202365.83,27771317.5,13152151.19
firm003,2021Q1,33,206310944.64,152870779.89,23200212.73,33507586.11,20217523.12
firm003,2021Q2,33,209579551.98,137480728.03,24660363.11,29822468.67,17450142.0
firm003,2021Q3,33,229652122.87,169904333.76,13984182.37,27617905.69,26090648.36
firm003,2021Q4,33,226782234.88,159366633.21,33140271.91,29358599.98,20820057.0
firm003,2022Q1,33,221711327.14,168006916.82,15150319.8,41721916.96,15877216.13
firm003,2022Q2,33,202967067.99,160046421.98,34747934.99,34342207.6,14038062.71
firm003,2022Q3,33,194116760.55,145100693.94,33993765.09,38116563.54,15266213.5
firm003,2022Q4,33,229856309.95,153365263.46,26859711.22,28421470.76,10905180.69
firm004,2018Q1,33,89932440.02,71797265.59,30224027.01,14473606.76,7601478.5
firm004,2018Q2,33,95204859.95,75574729.56,31541432.5,16352733.63,5955353.76
firm004,2018Q3,33,85640623.28,61420119.98,21636440.91,15696842.15,5614125.08
firm004,2018Q4,33,92172856.14,64045385.47,28938028.94,11021793.52,7230497.07
firm004,2019Q1,33,82160070.92,54422669.52,33249716.53,10812652.39,8183424.18
firm004,2019Q2,33,89669131.13,56294875.06,29410505.42,9432806.08,8130382.69
firm004,2019Q3,33,80468891.24,60739710.79,12474275.97,10805968.15,9460065.73
firm004,2019Q4,33,88989699.74,66874449.16,27999847.6,9877215.74,9729671.83
firm004,2020Q1,33,96622653.62,62909476.42,22748437.58,12401567.09,8597096.17
firm004,2020Q2,33,80816396.74,58390606.37,29406001.09,14019518.62,4655865.2
firm004,2020Q3,33,95177400.25,63537400.63,29810266.04,14249283.01,5367278.64
firm004,2020Q4,33,93412334.35,73009454.26,26870331.05,18354088.32,6793748.79
firm004,2021Q1,33,84519521.56,54890866.75,22563967.67,11828074.49,5604334.68
firm004,2021Q2,33,88526945.12,59747582.93,8115030.2,13028959.25,5665839.78
firm004,2021Q3,33,88339176.15,71181501.68,12833145.98,14465395.02,9111042.92
firm004,2021Q4,33,85332114.32,60942284.55,34179514.32,11455496.09,8173034.77
firm004,2022Q1,33,95307309.97,65965832.02,34727681.62,15495722.37,7591920.16
firm004,2022Q2,33,93070863.34,65593178.84,27232821.52,11864695.84,10065191.19
firm004,2022Q3,33,89984306.08,60139202.17,19804310.05,17052894.72,8577953.82
firm004,2022Q4,33,88958208.19,61411439.28,18158680.18,17624358.91,4919004.13
firm005,2018Q1,34,204625736.45,128277638.46,23038517.62,40029398.41,16596736.99
firm005,2018Q2,34,220514688.91,172246197.27,27960944.27,41853425.37,25691124.43
firm005,2018Q3,34,224835571.18,147013302.56,16968795.98,31408915.84,21343945.76
firm005,2018Q4,34,224388500.68,180925781.65,14079424.47,25075329.86,24100777.81
firm005,2019Q1,34,198849963.24,158275765.21,20466343.46,28803022.48,14225518.08
firm005,2019Q2,34,214787322.72,142620851.53,17945644.29,38067163.76,12999338.05
firm005,2019Q3,34,197281460.3,125092830.5,30356446.07,29571407.36,15721812.54
firm005,2019Q4,34,194350054.13,147109777.58,9004366.68,24183006.36,16763434.94
firm005,2020Q1,34,222847745.79,161805094.58,17108450.97,43253007.62,17374465.49
firm005,2020Q2,34,220742179.7,139736862.42,33194989.41,36970587.65,13137004.68
firm005,2020Q3,34,221398529.22,144661149.05,16476908.23,25152851.8,21264002.0
firm005,2020Q4,34,219489411.67,144272081.07,28105607.53,29089090.61,13983130.32
firm005,2021Q1,34,209445228.05,155593236.01,18585053.85,24047804.01,16251104.0
firm005,2021Q2,34,196910922.16,144743669.79,26924770.83,38211695.14,19642013.43
firm005,2021Q3,34,215832180.93,144558307.52,26705132.49,22892125.89,16960544.59
firm005,2021Q4,34,222308992.92,143070224.14,29506389.2,25844170.18,10786110.91
firm005,2022Q1,34,217269235.61,171666120.48,25080105.85,25715468.98,24171788.2
firm005,2022Q2,34,219505694.46,171282433.73,25594613.27,43196963.95,17625988.92
firm005,2022Q3,34,188502867.13,131487708.83,32677594.16,37314492.81,10008729.86
firm005,2022Q4,34,187049227.35,136776803.0,14716908.02,36114833.77,16947591.15
firm006,2018Q1,34,166533669.83,104563445.66,16561892.44,22595199.9,16317767.65
firm006,2018Q2,34,181271940.89,133573805.56,33200928.03,33783876.46,13866970.38
firm006,2018Q3,34,154500424.9,114550865.23,16721254.86,15600564.57,18134105.5
firm006,2018Q4,34,183021777.69,133122956.17,24691013.96,30543896.88,20419528.41
firm006,2019Q1,34,166230823.44,122441574.38,14116570.73,20652488.29,14324451.73
firm006,2019Q2,34,158256318.05,99076456.08,17947014.91,27693987.53,9405953.79
firm006,2019Q3,34,179455487.51,136475983.85,25639615.95,33961648.47,10459927.84
firm006,2019Q4,34,156568428.05,125545027.27,32490009.17,16882260.93,17536234.83
firm006,2020Q1,34,151102715.11,97770575.23,10963535.49,19552624.52,10260450.68
firm006,2020Q2,34,181067427.61,128065290.99,11343925.09,23038091.47,9038068.9
firm006,2020Q3,34,151524925.19,107008972.65,21829083.24,18940033.54,11149298.84
firm006,2020Q4,34,154045390.66,115805827.18,18600350.4,17892766.47,13290505.18
firm006,2021Q1,34,157559267.11,106892280.59,11352601.69,28057059.11,10169557.4
firm006,2021Q2,34,182566691.21,127995021.05,12190251.28,31131508.96,17409912.63
firm006,2021Q3,34,180078436.48,116385142.83,29326920.9,33490250.87,11336686.47
firm006,2021Q4,34,165794909.71,123339540.55,14628854.87,31026128.57,16395214.67
firm006,2022Q1,34,179254006.65,127267299.19,22012955.8,21407489.42,12505564.09
firm006,2022Q2,34,174998408.42,142063980.19,12106777.45,18386094.52,10806912.2
firm006,2022Q3,34,165158752.48,128581746.39,14071686.29,24396129.02,14965140.41
firm006,2022Q4,34,178618845.46,116603568.6,8397402.36,26911698.24,11890314.55
firm007,2018Q1,33,125689400.62,90081782.51,14923297.7,13251343.44,6906070.6
firm007,2018Q2,33,132343189.06,92959509.15,21278177.23,21059939.11,10897400.5
firm007,2018Q3,33,127669857.19,98648871.37,11541903.15,16339336.08,8272063.96
firm007,2018Q4,33,112280295.75,83884156.19,14100189.27,20547582.77,12576846.24
firm007,2019Q1,33,115402607.9,88912984.76,15281385.72,12101067.1,12057178.68
firm007,2019Q2,33,118075977.6,96366022.59,25567974.39,14362771.22,10812088.51
firm007,2019Q3,33,111376377.82,90973360.38,15584503.41,13888203.89,6370363.54
firm007,2019Q4,33,126706193.28,96840455.45,24679566.46,14741864.82,11614605.94
firm007,2020Q1,33,116247163.45,94817972.82,29047050.39,12050834.25,7751252.74
firm007,2020Q2,33,112613506.76,77728586.28,8582511.11,12757344.71,6975501.17
firm007,2020Q3,33,128177841.7,92480515.77,21891191.03,14473654.01,9935820.07
firm007,2020Q4,33,110216260.55,70969107.26,24991423.74,12442443.21,6067894.24
firm007,2021Q1,33,132489617.33,104162406.56,21812566.68,20045774.25,12718773.94
firm007,2021Q2,33,110991759.56,83370389.72,28961134.0,12216642.77,6093008.26
firm007,2021Q3,33,125747063.17,98820434.91,34681771.07,23259366.02,8812808.15
firm007,2021Q4,33,121457330.5,93068717.14,29874302.75,17878399.23,7229923.93
firm007,2022Q1,33,126223069.78,84135852.83,31038071.54,19873222.72,6888309.01
firm007,2022Q2,33,127607435.94,86399847.62,25245772.54,13079044.29,8687576.23
firm007,2022Q3,33,131874094.16,106172025.57,15149509.71,17457784.71,8804127.39
firm007,2022Q4,33,109672383.86,82683788.78,12283757.17,17917469.37,6590504.79
firm008,2018Q1,31,122220401.79,99968863.2,22477105.4,15889530.42,14499569.08
firm008,2018Q2,31,124374600.45,85121080.35,33303050.22,15421618.17,11573085.36
firm008,2018Q3,31,122858364.16,89255978.32,25768999.87,14862459.44,8879783.71
firm008,2018Q4,31,135452240.38,99963345.92,12163874.02,19109258.73,15991733.36
firm008,2019Q1,31,129335401.08,100502816.89,13443575.93,18898410.73,11722172.17
firm008,2019Q2,31,136672775.73,104353845.77,29489580.18,23236636.75,14885872.28
firm008,2019Q3,31,144448919.44,98979845.72,30337351.23,21955920.65,9239620.92
firm008,2019Q4,31,125329604.02,96865972.75,25189086.37,13419433.85,11902002.98
firm008,2020Q1,31,121882569.02,85104651.31,23421353.42,20112996.39,7166385.93
firm008,2020Q2,31,121890347.21,89614362.59,30107174.91,21898961.55,9173767.66
firm008,2020Q3,31,136161403.27,103991852.39,31576086.55,20310206.45,15473468.75
firm008,2020Q4,31,129209186.72,85775573.94,15941328.6,22350184.19,12837398.6
firm008,2021Q1,31,133324731.15,101217942.25,11747971.37,20097760.42,11046491.27
firm008,2021Q2,31,132263270.0,86977507.79,24815088.2,22115375.13,11069552.91
firm008,2021Q3,31,140608219.56,100063088.79,31020186.24,22092534.99,14945713.16
firm008,2021Q4,31,131688004.48,100086534.3,13313735.83,14262693.17,15396833.55
firm008,2022Q1,31,130633541.1,82186747.32,24698244.84,25254875.97,11441283.66
firm008,2022Q2,31,147165345.84,118765875.63,20299403.93,18158875.47,9010940.8
firm008,2022Q3,31,127986078.18,95532703.17,32594065.8,12820466.28,13715974.33
firm008,2022Q4,31,141190430.47,107050091.5,11452683.41,14870960.77,14591770.99
firm009,2018Q1,31,155430436.15,118954672.18,13939712.3,21772257.23,16909387.06
firm009,2018Q2,31,181347231.25,120438740.86,19739458.92,32011539.42,12987370.7
firm009,2018Q3,31,178709498.21,130275869.01,30289855.74,25216459.07,15892340.63
firm009,2018Q4,31,183485289.59,126243054.63,26472136.63,23582745.29,14202943.9
firm009,2019Q1,31,165768138.2,108468370.65,29511155.8,30780489.11,10515439.71
firm009,2019Q2,31,177698615.83,134877784.99,27767957.45,33266046.07,14895168.18
firm009,2019Q3,31,173356486.38,109066468.7,19848085.65,26849748.12,8670546.07
firm009,2019Q4,31,156962522.95,114255438.43,15617961.66,25275165.89,12552068.38
firm009,2020Q1,31,174333276.53,130778156.2,14742391.42,21968730.43,20032447.25
firm009,2020Q2,31,172571817.29,129262101.0,18013748.33,22675763.04,17989875.16
firm009,2020Q3,31,160317910.0,122225128.71,20211472.01,31216436.57,16269764.86
firm009,2020Q4,31,182522969.69,146547510.64,24925753.2,35308375.64,17626389.45
firm009,2021Q1,31,163229367.2,128983061.97,27327682.66,22058130.44,16759189.38
firm009,2021Q2,31,178311960.44,117467125.3,14805448.52,26883947.4,12310945.18
firm009,2021Q3,31,173079665.5,123480049.9,32774938.29,32290327.05,14914070.58
firm009,2021Q4,31,180974446.6,124987885.34,23846149.91,24764304.24,19279692.26
firm009,2022Q1,31,174167452.74,133139720.11,32212028.58,25307350.81,16773249.19
firm009,2022Q2,31,179415247.11,113369607.25,30349964.08,24608050.56,10645103.45
firm009,2022Q3,31,166990994.92,106243048.29,34569804.75,24901250.07,12728951.28
firm009,2022Q4,31,158674775.38,109077387.44,25328734.32,30061656.18,17004220.28
firm010,2018Q1,33,214255463.69,166179716.36,20369189.44,26246942.62,25647932.98
firm010,2018Q2,33,216516814.22,147609338.98,21803973.31,28167069.86,13924658.85
firm010,2018Q3,33,225811547.62,175917732.35,19038456.89,26215369.55,19847317.38
firm010,2018Q4,33,214439839.73,151639472.86,14476651.89,37947217.62,13374675.04
firm010,2019Q1,33,198560977.23,150910855.24,28047530.77,24596926.83,12918955.08
firm010,2019Q2,33,222267861.17,178686931.86,14857549.02,34229343.89,16759769.2
firm010,2019Q3,33,229316537.43,163598838.6,18231821.42,37978042.23,19276484.47
firm010,2019Q4,33,205670303.71,144636087.97,33825324.71,37044002.65,16790770.82
firm010,2020Q1,33,225764800.27,146402667.41,19156221.07,42778283.92,12726905.51
firm010,2020Q2,33,239828250.85,189373715.12,26525458.65,32943387.75,14825496.18
firm010,2020Q3,33,209762337.22,161139279.55,19383776.85,37817758.81,14409345.55
firm010,2020Q4,33,232908253.22,184468534.29,27499323.42,28042482.91,16613278.57
firm010,2021Q1,33,199683044.47,125852289.39,27954880.07,29783058.37,17435073.98
firm010,2021Q2,33,209240078.18,144177581.98,32156997.1,41793265.89,11412814.05
firm010,2021Q3,33,230961686.19,168886048.1,8122817.29,37336114.74,16076860.25
firm010,2021Q4,33,212206995.48,172705889.29,28052303.66,22377689.02,22674180.01
firm010,2022Q1,33,197438778.99,157405849.56,24110427.95,32198736.82,11251431.17
firm010,2022Q2,33,200535775.76,145434677.32,18306834.42,36463329.39,13897372.19
firm010,2022Q3,33,214355182.95,138044683.76,21577515.11,41906900.67,12966636.34
firm010,2022Q4,33,231468278.77,151100460.74,31919379.37,35012659.98,12287902.7
firm011,2018Q1,32,201312984.99,143718801.73,9492910.08,32904545.92,11600324.16
firm011,2018Q2,32,177298466.25,129942157.37,31445952.3,20220046.87,18690422.49
firm011,2018Q3,32,196557056.57,160225891.22,23208512.35,25046710.3,19896535.41
firm011,2018Q4,32,183167407.92,139137250.08,32429523.72,22485888.69,21195754.5
firm011,2019Q1,32,188490755.75,128390374.57,26434843.2,23481682.22,10908726.33
firm011,2019Q2,32,172148644.5,117270427.36,22881320.64,25542941.0,15258871.16
firm011,2019Q3,32,206903526.44,145054429.4,26738673.69,25795113.31,17035032.82
firm011,2019Q4,32,174496028.08,123314232.68,19615455.26,26617223.96,19038412.44
firm011,2020Q1,32,191273573.56,131969062.89,28237401.32,31083769.62,19264420.85
firm011,2020Q2,32,207171558.95,129462510.3,10317761.27,35770598.91,18351071.92
firm011,2020Q3,32,207479346.87,139917074.8,28589267.88,28828842.52,11251588.08
firm011,2020Q4,32,194337064.59,130772690.15,32551561.95,35433703.02,10641598.47
firm011,2021Q1,32,205208293.84,144629476.87,20044917.18,39735489.91,12965282.14
firm011,2021Q2,32,187127209.3,149514966.87,11578546.58,29653963.5,22979802.03
firm011,2021Q3,32,176581142.16,121186739.74,20814243.64,28878899.69,17518036.1
firm011,2021Q4,32,192189084.34,124409831.86,24174064.02,32737040.07,15621348.1
firm011,2022Q1,32,208212429.71,166689568.61,18216388.63,21619583.77,13934064.14
firm011,2022Q2,32,183280872.23,126830064.64,8661788.52,18687076.92,9004762.04
firm011,2022Q3,32,180532421.61,133490097.18,18415878.36,35320347.7,11200576.13
firm011,2022Q4,32,179292397.55,140847473.87,13518048.48,34486169.93,15443624.27
firm012,2018Q1,34,190426723.23,131762108.71,8165634.45,31423608.63,18164604.77
firm012,2018Q2,34,194067576.74,148001811.66,24114810.59,26064911.45,13608034.57
firm012,2018Q3,34,164380457.06,128851384.39,23128204.79,21170497.05,10465114.04
firm012,2018Q4,34,172428187.32,133038123.1,13826346.84,18141215.91,13863144.1
firm012,2019Q1,34,174136796.32,132240862.83,23012021.63,25645311.06,20873783.84
firm012,2019Q2,34,192441032.51,124245783.83,14706655.79,27314386.64,9496988.16
firm012,2019Q3,34,189344912.21,146483806.74,15895466.19,36076935.45,17537563.78
firm012,2019Q4,34,170096626.52,126602715.76,26159374.03,29214923.43,19929916.67
firm012,2020Q1,34,194944505.28,136978785.22,19659292.56,19951646.67,14735480.45
firm012,2020Q2,34,168423429.45,108470357.03,30027835.85,17209727.66,8852828.62
firm012,2020Q3,34,185968003.56,136395815.46,19583782.16,33615242.29,12470855.55
firm012,2020Q4,34,169484669.88,122492767.97,10879638.1,28627287.6,18882393.53
firm012,2021Q1,34,191263593.45,152292052.89,9969674.9,27236592.49,23036398.27
firm012,2021Q2,34,192341715.81,142094058.66,25669292.8,24350682.92,13338499.3
firm012,2021Q3,34,164446609.58,131620778.13,15802693.83,32766012.85,9294333.53
firm012,2021Q4,34,190820646.65,138375544.78,9134574.42,31737097.74,18434556.41
firm012,2022Q1,34,187237408.49,142148050.7,26310475.52,33095700.03,14813175.36
firm012,2022Q2,34,196531394.15,140826310.37,15231137.44,39165724.2,13400591.8
firm012,2022Q3,34,177915580.68,135135353.72,29549760.82,23425243.84,9888404.58
firm012,2022Q4,34,182859890.3,135023254.47,27698249.14,23058347.61,19425142.8
firm013,2018Q1,32,187536340.07,150589446.18,31517942.96,25282204.88,15999816.13
firm013,2018Q2,32,203875603.86,165736663.76,29348741.53,21865643.0,12213788.61
firm013,2018Q3,32,192781970.69,148622984.73,27105113.66,34320554.88,12617965.36
firm013,2018Q4,32,170266120.49,124633132.23,32086934.75,21289800.57,10818147.53
firm013,2019Q1,32,202725665.13,139480508.01,17530642.87,32616225.06,13129971.59
firm013,2019Q2,32,204857573.27,134803507.17,8584163.44,29673339.81,16565794.07
firm013,2019Q3,32,180010363.3,138928001.5,9739741.44,23806661.76,15336929.16
firm013,2019Q4,32,205251465.23,132764778.24,11936450.45,24700117.43,18298787.94
firm013,2020Q1,32,180658326.65,123520347.46,23230691.54,25585767.1,15496799.13
firm013,2020Q2,32,188372212.09,143443607.26,34639326.05,25345442.43,12807772.07
firm013,2020Q3,32,175029019.01,122346030.65,32697393.95,21092965.74,12484208.44
firm013,2020Q4,32,202224540.39,160766924.6,24598999.9,35497184.56,23813430.45
firm013,2021Q1,32,172778887.5,121127058.31,32572790.11,25955280.14,10625324.56
firm013,2021Q2,32,187270309.55,146031017.46,33927966.6,34360420.28,17234754.9
firm013,2021Q3,32,195073614.63,125826787.02,34042863.86,31895806.39,8995646.33
firm013,2021Q4,32,202111078.62,130518304.43,21290573.91,25067871.17,12899421.45
firm013,2022Q1,32,194839713.25,121253827.97,22098437.78,23620260.6,18024556.31
firm013,2022Q2,32,181759992.18,125215944.77,19086725.02,32501710.91,14493453.73
firm013,2022Q3,32,196674241.86,151536291.0,17038849.93,23874818.44,17224726.25
firm013,2022Q4,32,191279158.53,119475500.26,9941974.09,32080110.54,18794329.92
firm014,2018Q1,31,216129517.69,141352246.2,24959460.55,26764495.82,19593336.39
firm014,2018Q2,31,191575599.48,123544104.58,13700643.62,26838746.29,18329183.59
firm014,2018Q3,31,190694809.15,139433698.3,8972155.29,26308610.47,13502025.84
firm014,2018Q4,31,197352214.88,141277906.0,17229166.64,24903186.86,17667042.63
firm014,2019Q1,31,200745992.4,163487964.74,14736199.27,39919353.22,13818573.81
firm014,2019Q2,31,230599919.05,145865278.98,8200471.55,25307978.19,19494292.58
firm014,2019Q3,31,200251012.71,135194605.66,26179706.02,20615835.58,16037281.6
firm014,2019Q4,31,207346371.8,135246161.1,32616863.19,28206920.48,13013460.81
firm014,2020Q1,31,219793285.15,173877338.23,14156886.5,24774350.43,27194906.28
firm014,2020Q2,31,208493106.52,151574114.2,20337380.36,38111546.31,16461511.73
firm014,2020Q3,31,222440278.44,161169399.45,10151589.23,33573589.38,23692528.38
firm014,2020Q4,31,212879938.72,148709027.24,8692322.32,36217154.25,15664119.05
firm014,2021Q1,31,204088472.12,141628024.99,19277958.14,27261360.46,13631946.38
firm014,2021Q2,31,209891910.33,132090273.37,14095536.86,30185206.5,19764616.09
firm014,2021Q3,31,208522329.38,152467056.99,32127004.4,37655459.89,20446848.67
firm014,2021Q4,31,216617844.76,160118798.51,13144242.79,24589123.31,12010688.72
firm014,2022Q1,31,194376627.81,144421118.04,24428955.97,20162405.26,21006039.8
firm014,2022Q2,31,209089216.88,152151677.68,9985124.86,38858885.8,11747026.35
firm014,2022Q3,31,199335006.1,142132363.81,21436526.57,30562504.95,21923035.18
firm014,2022Q4,31,191886770.59,144921416.42,19604131.5,34774465.17,18850807.57
firm015,2018Q1,31,194569919.53,150646856.84,28249517.51,38821135.69,13062386.78
firm015,2018Q2,31,184609213.08,131304059.85,28448036.34,19551296.73,13060036.94
firm015,2018Q3,31,207493938.37,149294127.62,18996434.29,41382579.0,23108032.02
firm015,2018Q4,31,194046986.32,122191497.55,16878445.28,37510884.58,11691892.82
firm015,2019Q1,31,206343544.69,143625375.06,25625364.52,27657076.67,11235760.75
firm015,2019Q2,31,179630230.5,135768754.69,19615778.08,24427767.91,19108143.79
firm015,2019Q3,31,194515845.5,138800043.08,32026656.58,26693873.75,18079999.47
firm015,2019Q4,31,178134405.95,127731437.3,18167559.48,24409636.26,19721174.04
firm015,2020Q1,31,201522623.15,127532022.57,30696956.92,37468333.57,9844844.49
firm015,2020Q2,31,190034088.12,123839056.16,17327916.44,19015719.0,15529255.03
firm015,2020Q3,31,182544695.0,143144495.24,33768558.87,22753808.8,22207824.03
firm015,2020Q4,31,201787886.19,157068606.92,24939880.91,34099372.71,19554307.04
firm015,2021Q1,31,201240479.91,131990548.46,23276219.81,28338215.2,9331513.49
firm015,2021Q2,31,195895784.61,153345306.57,9849842.37,26280176.47,21964328.48
firm015,2021Q3,31,181100777.67,136201218.12,29038762.64,24280190.43,10714353.14
firm015,2021Q4,31,179277239.11,117066858.38,26854108.17,35836240.43,16816681.01
firm015,2022Q1,31,199661709.72,143687044.62,31818086.97,36792698.15,16268404.99
firm015,2022Q2,31,205609297.82,159969942.12,25665744.34,23453279.4,14573027.65
firm015,2022Q3,31,185207292.16,149125632.68,30106557.53,31212712.49,16986852.06
firm015,2022Q4,31,195071842.06,123106326.81,22589438.32,21104373.44,14667093.72
firm016,2018Q1,33,157319916.5,122713410.1,29233279.32,19086271.62,8961242.61
firm016,2018Q2,33,137383371.66,100845070.07,11370788.45,15114592.84,16115679.44
firm016,2018Q3,33,141782059.17,89708173.55,21810612.13,24066549.64,9995570.09
firm016,2018Q4,33,135269363.27,97795349.3,9865436.43,23407276.78,15110763.6
firm016,2019Q1,33,132656983.81,97383840.03,30433247.35,21763193.12,8123582.98
firm016,2019Q2,33,133423245.06,94930107.03,9303051.01,24507430.58,11056280.09
firm016,2019Q3,33,140684295.62,108915068.03,13792346.96,21297146.4,12585632.2
firm016,2019Q4,33,134470335.7,104911858.12,26862877.61,16122907.19,11411969.95
firm016,2020Q1,33,140466827.26,113422672.52,26031171.37,27311518.77,15766376.95
firm016,2020Q2,33,154553572.82,105411728.51,30915257.38,20629448.5,15224412.35
firm016,2020Q3,33,152164733.16,109850127.88,12599110.07,24359553.41,13863723.67
firm016,2020Q4,33,151455616.36,95911567.52,14738436.4,23641453.87,14072423.1
firm016,2021Q1,33,138223187.08,110496233.68,34329381.53,15051646.34,14935230.37
firm016,2021Q2,33,143042351.97,92631312.09,14008041.37,19473498.57,6633563.14
firm016,2021Q3,33,151718840.54,107831623.45,17341101.57,28335737.11,16926641.58
firm016,2021Q4,33,144818663.74,98788266.12,24287085.22,20354726.85,14842325.31
firm016,2022Q1,33,139855984.8,90293606.09,8406668.59,16367674.49,7088556.9
firm016,2022Q2,33,158031997.67,119469385.29,23687669.9,30733303.7,15009152.29
firm016,2022Q3,33,152056028.46,99095806.01,15764937.18,24593985.77,14392134.88
firm016,2022Q4,33,139672141.11,99269893.86,15616169.52,18007884.21,12084930.15
firm017,2018Q1,34,215589341.05,142297919.84,32033598.93,31808379.18,14741882.93
firm017,2018Q2,34,192728633.15,138303919.67,33471752.38,29194925.61,15993791.5
firm017,2018Q3,34,221408458.17,169283721.54,27177928.1,36710045.57,25909695.88
firm017,2018Q4,34,227664835.19,169377271.19,15954971.21,36284543.29,18471410.35
firm017,2019Q1,34,216548362.65,136367292.01,9504841.03,25336103.22,15470194.97
firm017,2019Q2,34,201581026.21,131609337.24,28228036.21,26420861.0,20405170.17
firm017,2019Q3,34,202923383.5,142092698.88,19249517.45,34636814.91,20876186.71
firm017,2019Q4,34,224607974.51,164344607.05,30565465.69,28653037.32,21721897.83
firm017,2020Q1,34,222881009.91,178263784.94,26982129.93,26526760.11,26248035.17
firm017,2020Q2,34,214371442.59,155649443.57,32576340.42,22097826.76,11280168.35
firm017,2020Q3,34,196695750.6,133566653.66,24575982.28,34301644.12,13014055.61
firm017,2020Q4,34,218315569.13,161542878.09,10571775.3,37844806.78,24225094.07
firm017,2021Q1,34,200815145.77,125795366.03,8027565.46,40043832.25,11719393.64
firm017,2021Q2,34,206950735.69,141278355.69,9069543.68,35444779.8,21465820.1
firm017,2021Q3,34,209122480.09,161553345.93,28348327.37,40497295.26,22468600.14
firm017,2021Q4,34,226534680.3,161386192.75,17066137.05,41090857.79,14728385.59
firm017,2022Q1,34,201426318.65,160236549.27,8760361.37,22597272.66,19495294.18
firm017,2022Q2,34,218554895.0,150613500.43,13650775.38,26700799.5,21082024.97
firm017,2022Q3,34,224784119.84,165517381.12,32907079.15,34999204.49,13328174.69
firm017,2022Q4,34,204230470.43,132353996.73,25018770.78,27718407.79,9318713.93
firm018,2018Q1,33,211386357.3,140562883.99,14711958.06,24827037.64,15049307.45
firm018,2018Q2,33,221581084.59,154691335.47,33001226.0,26174280.25,14161032.68
firm018,2018Q3,33,203199909.0,132123601.62,11059552.08,33934557.22,13320086.1
firm018,2018Q4,33,210985266.9,140400012.1,16094875.34,39936117.67,17152490.47
firm018,2019Q1,33,187602876.63,132097240.53,10702006.01,20002915.78,15953979.47
firm018,2019Q2,33,187161513.37,124064427.34,9960133.11,20798821.29,13691549.47
firm018,2019Q3,33,189349714.75,129303025.24,19749392.13,22610525.1,10620907.08
firm018,2019Q4,33,188625053.06,152457004.8,17415122.84,27456474.74,21003233.07
firm018,2020Q1,33,214573082.52,162892024.71,32082537.64,32886708.55,13835970.7
firm018,2020Q2,33,207472975.14,147405864.49,30399243.47,25788075.41,19301327.43
firm018,2020Q3,33,183035444.06,127504782.57,17344703.48,20030728.31,18345193.63
firm018,2020Q4,33,216184026.52,144859996.41,27212403.06,41120057.02,17703009.13
firm018,2021Q1,33,197592474.82,149470860.35,18677913.96,31050659.44,19360229.32
firm018,2021Q2,33,194513166.07,146363502.81,21712191.28,30988069.65,14052378.73
firm018,2021Q3,33,212894623.67,138352212.32,20981406.66,32609464.42,9786649.14
firm018,2021Q4,33,214982703.99,157129996.31,10129728.07,39747497.95,21042793.38
firm018,2022Q1,33,219749606.33,166215540.62,21594172.62,39344044.93,16997630.18
firm018,2022Q2,33,200304908.85,138455199.01,16803557.12,38926779.31,16002475.29
firm018,2022Q3,33,203222739.89,141383637.04,16847574.95,25015527.25,21974221.64
firm018,2022Q4,33,212356402.94,152090424.07,24133109.08,39044521.36,15710242.25
firm019,2018Q1,33,123847912.65,94340815.85,26486014.98,21950638.84,10996246.13
firm019,2018Q2,33,124323175.31,98902504.09,10933139.38,15879664.77,12242986.09
firm019,2018Q3,33,129849583.08,84300834.84,18376499.0,13882904.42,12987229.98
firm019,2018Q4,33,114939670.56,84040325.55,10533905.78,20697864.3,6267827.17
firm019,2019Q1,33,112739358.93,70653482.03,10790712.23,18845230.98,6697874.86
firm019,2019Q2,33,119269393.85,89024425.37,21045887.21,16172980.9,13890999.39
firm019,2019Q3,33,126751343.37,83424969.93,29193039.87,17565477.06,6235146.38
firm019,2019Q4,33,116764909.13,76298081.02,27755627.29,16451751.5,10816560.26
firm019,2020Q1,33,130593047.02,93069286.77,15601958.55,20957725.29,10898986.13
firm019,2020Q2,33,120626080.12,85038724.54,18764985.57,15793305.48,12945754.18
firm019,2020Q3,33,121674850.7,94612936.86,19745199.1,16728156.28,7884976.74
firm019,2020Q4,33,119192544.93,86684514.55,14010952.77,14807762.83,9067344.51
firm019,2021Q1,33,127901592.62,99879657.02,29095871.88,19566646.5,14946347.33
firm019,2021Q2,33,108611988.89,70977287.97,20339376.82,19289506.92,7974136.8
firm019,2021Q3,33,131323532.17,106465949.12,32354427.91,23888581.16,10153595.01
firm019,2021Q4,33,123180799.43,77609146.35,30121413.72,16302535.58,6799272.68
firm019,2022Q1,33,120665520.74,89541145.3,19034711.97,19004615.13,13002800.54
firm019,2022Q2,33,115004852.62,84029574.12,22992699.45,15097048.47,9578646.74
firm019,2022Q3,33,114096484.28,80140256.97,15619175.64,14963048.11,11118237.59
firm019,2022Q4,33,131121318.49,103129233.48,29447677.48,20092284.17,14355393.3
firm020,2018Q1,31,220380079.33,150273769.49,9771069.11,24860891.8,14953207.0
firm020,2018Q2,31,226397977.58,176601421.3,21127933.31,23697360.97,22009625.77
firm020,2018Q3,31,237077462.47,149431183.43,17387983.24,24107389.77,18224136.49
firm020,2018Q4,31,201944100.71,163208664.41,18999389.86,32742352.83,16252808.37
firm020,2019Q1,31,212103811.75,131993866.05,31399539.68,26931328.9,12189941.57
firm020,2019Q2,31,213156965.92,140006534.1,16432801.65,27307841.32,22085484.33
firm020,2019Q3,31,235803545.64,159516402.42,30658051.87,24479485.75,19329295.66
firm020,2019Q4,31,235243666.42,156055702.8,12345599.91,42205576.1,20099507.58
firm020,2020Q1,31,240096156.96,156484354.27,12007720.52,25339402.55,15521022.93
firm020,2020Q2,31,199463402.99,148159773.05,10318407.71,29006753.49,17239307.84
firm020,2020Q3,31,201157471.27,152553596.61,34744884.72,27946409.34,17774432.77
firm020,2020Q4,31,213828861.13,174475798.01,30963131.64,42096506.84,18281048.23
firm020,2021Q1,31,211244392.5,131653391.24,10075302.76,41326243.6,16139587.3
firm020,2021Q2,31,216935374.29,141348002.57,33326741.25,22547252.77,18145175.62
firm020,2021Q3,31,223640141.52,171362936.62,28080167.63,37448500.45,20531266.41
firm020,2021Q4,31,216390188.57,168864592.86,11584975.99,27751799.26,23702089.0
firm020,2022Q1,31,236365176.29,177847753.68,9346335.67,43266052.02,27950702.59
firm020,2022Q2,31,217561941.49,151874205.16,17512345.3,34952661.84,12951076.47
firm020,2022Q3,31,203274495.68,166312732.07,21528002.53,30791402.48,16153207.38
firm020,2022Q4,31,199329392.09,126156518.31,9591695.32,33947527.74,17683953.12
firm021,2018Q1,34,217721327.17,172291105.95,28993011.4,32586756.06,22663847.13
firm021,2018Q2,34,229509340.67,176274601.32,23289817.57,45387074.57,13305487.78
firm021,2018Q3,34,205233061.98,166438538.68,8836491.5,34829268.77,19579310.57
firm021,2018Q4,34,217260782.51,137863786.27,8217022.31,28705529.8,14614196.52
firm021,2019Q1,34,218745685.53,159378423.71,9618763.45,23046822.42,20721164.76
firm021,2019Q2,34,227822810.25,163406268.42,14401133.63,31855760.46,12288861.78
firm021,2019Q3,34,222509469.34,147956306.5,20826051.76,28699473.5,15275570.28
firm021,2019Q4,34,213537949.51,140521265.82,27634072.19,23646452.01,19412857.52
firm021,2020Q1,34,193823157.16,138926597.62,23971485.57,23681580.79,10138257.03
firm021,2020Q2,34,221956308.49,168411148.43,8802671.16,26001879.46,13997582.98
firm021,2020Q3,34,206616237.64,134704381.08,19673660.11,35638699.11,19276371.46
firm021,2020Q4,34,227575061.15,152089248.79,21322642.35,41670432.66,23123367.37
firm021,2021Q1,34,222723363.36,159395969.42,12385091.93,39890486.75,15254536.82
firm021,2021Q2,34,198894307.71,130578943.16,26899800.98,38212299.65,10717642.78
firm021,2021Q3,34,233640134.29,180930595.08,17432925.78,24900155.3,19413262.38
firm021,2021Q4,34,214964556.41,148322831.41,29948632.99,29608423.05,17475034.45
firm021,2022Q1,34,216478169.29,168223745.62,10577145.24,39734350.67,20664197.5
firm021,2022Q2,34,227318748.12,163633587.9,23187859.08,43931484.23,20621230.23
firm021,2022Q3,34,219369233.61,172750326.0,32523728.43,27281631.48,22386710.75
firm021,2022Q4,34,196986995.62,124704746.32,25205334.14,29354937.47,18620688.35
firm022,2018Q1,33,141916387.68,91309624.96,27607105.94,22380582.58,8024932.19
firm022,2018Q2,33,135110312.72,102361369.84,25650556.81,13593282.82,15685357.81
firm022,2018Q3,33,127733260.16,99684452.25,12165689.9,20464637.96,7498291.94
firm022,2018Q4,33,133144716.2,99790571.87,18458840.5,22877275.1,11246142.97
firm022,2019Q1,33,119968094.6,75316001.15,9370475.07,16069025.32,11566774.26
firm022,2019Q2,33,127140237.99,99552733.51,25400095.91,21650566.94,12844418.43
firm022,2019Q3,33,123796192.52,98344484.07,19291328.81,23952498.74,7022548.58
firm022,2019Q4,33,121513524.21,78600494.46,27640540.79,13451979.58,8555413.83
firm022,2020Q1,33,132003970.14,95411467.82,15957644.84,24841026.57,10564237.42
firm022,2020Q2,33,123101762.03,90054120.47,11041549.94,20550967.03,7708801.7
firm022,2020Q3,33,141926520.9,90219990.97,16365650.7,17255635.43,10940979.45
firm022,2020Q4,33,129153278.95,91758073.05,20091986.36,20818535.67,8586459.77
firm022,2021Q1,33,126959463.16,85274439.13,11912465.21,20621242.73,13137512.91
firm022,2021Q2,33,142400548.08,115772047.83,10972286.61,24443466.87,8881503.86
firm022,2021Q3,33,139948553.31,110393709.26,20940731.93,27808186.68,12332566.78
firm022,2021Q4,33,132731337.57,91270945.01,30101903.73,20756361.72,10501089.28
firm022,2022Q1,33,129667543.3,99930230.35,9948341.44,21166918.73,7651621.16
firm022,2022Q2,33,124199587.01,77826246.9,22025957.79,24138780.95,6939917.68
firm022,2022Q3,33,121455347.43,88092834.91,8563356.02,16404505.75,9697111.16
firm022,2022Q4,33,120523754.12,96104839.31,18366567.15,19129370.88,7701452.87
firm023,2018Q1,34,230627509.02,154039230.71,20441420.18,39641828.72,24636651.13
firm023,2018Q2,34,209668716.32,143937355.02,22397878.77,40286790.14,22946402.75
firm023,2018Q3,34,206346779.92,147325573.45,25921364.03,24523781.45,12553341.43
firm023,2018Q4,34,208346560.9,161671926.7,8713739.06,40719983.61,17708307.1
firm023,2019Q1,34,221402090.93,156431602.81,18291968.17,25583973.52,22097771.78
firm023,2019Q2,34,231647556.18,147033060.15,29299972.2,24738712.48,16404997.88
firm023,2019Q3,34,207920966.67,132819419.25,23581793.9,32669211.39,16307755.96
firm023,2019Q4,34,213712569.46,174629402.15,16170419.49,34472516.42,13426256.56
firm023,2020Q1,34,196126293.35,160468793.84,24243473.0,22754680.49,15919957.55
firm023,2020Q2,34,233688456.01,156880765.92,29323370.21,39102409.88,12530291.73
firm023,2020Q3,34,194121382.51,158072355.97,19066929.95,30042706.62,12109746.01
firm023,2020Q4,34,233710008.48,145013697.03,16390938.45,32013768.57,20671355.15
firm023,2021Q1,34,229557247.13,188143162.25,12390127.2,25355671.03,24434567.84
firm023,2021Q2,34,205338762.2,160312656.72,29484441.73,37103985.76,19257630.03
firm023,2021Q3,34,207004314.9,156788955.95,9077759.38,22486433.8,17533721.35
firm023,2021Q4,34,201115079.78,124997940.11,16488877.19,25213295.45,8954712.55
firm023,2022Q1,34,215954741.46,133937264.25,26528873.12,32571138.88,11263604.56
firm023,2022Q2,34,202875601.26,149541900.31,34522714.32,27165275.96,20938810.06
firm023,2022Q3,34,204662236.73,140301216.05,31395523.38,25733943.2,22228920.57
firm023,2022Q4,34,209321467.76,162763497.11,27583698.91,39762314.73,22575410.57
firm024,2018Q1,34,119951357.79,80919325.28,25124580.37,16923454.04,5679348.86
firm024,2018Q2,34,121346443.38,91395242.45,33983770.62,22158588.77,7045623.72
firm024,2018Q3,34,114100636.37,71740962.0,9839727.64,16716870.03,6370722.26
firm024,2018Q4,34,108039042.52,80537132.48,32880886.38,19719686.08,6025726.79
firm024,2019Q1,34,113651760.36,71323690.69,19355311.73,21999284.12,6229606.13
firm024,2019Q2,34,123907510.5,89105691.12,22030685.69,22713261.67,8731905.62
firm024,2019Q3,34,114299462.52,87735186.14,11791282.49,12653939.78,9380114.51
firm024,2019Q4,34,115930729.49,78887623.82,14853119.29,21799722.99,8431079.66
firm024,2020Q1,34,113918361.11,88558730.83,30840376.79,19377201.69,13884470.78
firm024,2020Q2,34,109510325.85,77702825.66,29899315.55,21619368.85,6824720.36
firm024,2020Q3,34,124217598.8,82266274.6,18735262.2,21751354.77,11460822.25
firm024,2020Q4,34,107958491.42,72449899.66,34002989.67,16936224.64,8842529.64
firm024,2021Q1,34,112652562.32,80000226.84,15321476.21,12814741.63,7651015.45
firm024,2021Q2,34,119806850.92,86825340.44,22161314.81,16101955.38,9485132.63
firm024,2021Q3,34,127296994.5,102346259.75,32230918.91,15722007.49,13011038.79
firm024,2021Q4,34,124786871.34,85544267.55,20881507.53,23163772.23,11402312.73
firm024,2022Q1,34,123803007.98,78733524.79,9425588.99,20915853.16,9569667.28
firm024,2022Q2,34,110650819.59,68700770.73,14354825.73,17957626.5,7049793.8
firm024,2022Q3,34,122007847.26,79381869.64,25508557.84,13563483.81,11956162.41
firm024,2022Q4,34,112668705.37,69957146.51,29626375.55,14881683.19,7473135.78
firm025,2018Q1,33,105472725.64,71360837.3,29597493.9,13217534.6,5650696.64
firm025,2018Q2,33,90705428.25,62613777.64,13191429.01,12390626.78,6762106.96
firm025,2018Q3,33,95420073.39,75601934.79,26645850.74,17319807.9,9021950.02
firm025,2018Q4,33,93229200.27,70706960.35,28013191.88,15183490.47,9509143.58
firm025,2019Q1,33,108249835.63,69659190.67,15188368.02,12923040.56,8165313.18
firm025,2019Q2,33,100934696.16,78799732.25,29959255.48,12146458.59,12341902.75
firm025,2019Q3,33,104813454.43,71508420.68,14968349.4,12352595.34,10483081.47
firm025,2019Q4,33,106516490.51,82537041.11,17936853.6,17328895.14,12056040.38
firm025,2020Q1,33,96930435.5,60751445.8,18348250.11,16491477.72,6647485.93
firm025,2020Q2,33,91330139.57,68056040.09,31786819.57,9750648.4,9552955.96
firm025,2020Q3,33,92073619.15,74780502.01,30069003.22,18256880.71,11960985.4
firm025,2020Q4,33,99726485.85,74702207.74,14262413.85,18404333.11,7179348.52
firm025,2021Q1,33,92175330.11,62059209.39,26198852.78,17633285.88,9751402.07
firm025,2021Q2,33,93439302.82,61869649.65,19145882.77,13995790.19,5075223.32
firm025,2021Q3,33,93813947.04,58187395.87,28240631.79,11589993.9,5279414.69
firm025,2021Q4,33,106459338.87,66009994.1,25965078.1,20739875.42,7235655.12
firm025,2022Q1,33,99727365.5,73365259.81,25970886.84,14292830.88,7219435.24
firm025,2022Q2,33,91345669.28,65124812.6,29948703.98,17956619.08,9559876.62
firm025,2022Q3,33,102787251.94,82495846.12,32009816.86,17414092.65,10216352.87
firm025,2022Q4,33,102994463.06,77877616.55,34125138.21,11224397.54,10735088.37
firm026,2018Q1,34,194299344.85,141517478.75,11333754.97,35000809.84,15744201.1
firm026,2018Q2,34,198682780.34,150160815.45,32254329.66,22598872.46,13102731.39
firm026,2018Q3,34,182563740.2,148347861.33,19644428.69,31367215.58,12606129.94
firm026,2018Q4,34,214319014.39,138258487.9,26233227.65,22002918.12,20432542.1
firm026,2019Q1,34,193007690.83,143905613.03,24182283.63,23210186.45,15959817.14
firm026,2019Q2,34,177774632.15,138070565.31,20293970.79,22712215.95,14556805.14
firm026,2019Q3,34,193785661.94,126328430.77,17891351.41,32488578.95,15203415.08
firm026,2019Q4,34,216850463.27,166919913.29,30366789.7,24874802.39,19501992.7
firm026,2020Q1,34,187327381.59,125092515.58,16888769.42,29397248.17,13423825.13
firm026,2020Q2,34,193400428.39,134041591.77,34634100.06,27509755.73,20463520.71
firm026,2020Q3,34,216883753.2,161411245.6,34375693.1,43371967.22,23138319.98
firm026,2020Q4,34,205908596.39,136768665.6,12958868.18,21683203.12,12245425.04
firm026,2021Q1,34,198532292.47,140449951.51,28379385.37,25829194.79,17675596.44
firm026,2021Q2,34,191928613.0,127483405.58,28950223.05,24810034.96,14877286.66
firm026,2021Q3,34,187593535.56,140634717.17,12703946.59,19936282.98,17778511.51
firm026,2021Q4,34,197197986.31,147937177.52,10107833.57,35051068.96,10998821.98
firm026,2022Q1,34,215438707.6,174042695.76,29624124.43,28283444.71,22296459.48
firm026,2022Q2,34,216839595.0,165537525.77,25834169.96,22338399.79,12129028.84
firm026,2022Q3,34,202494953.89,144387975.23,21241142.55,24130961.07,14071559.66
firm026,2022Q4,34,212812899.65,147477443.87,34213430.97,24830997.46,17381734.19
firm027,2018Q1,34,170203718.69,134801871.39,15808648.62,21327013.65,12828493.31
firm027,2018Q2,34,166044670.08,133102703.35,8378235.87,27734493.88,16448528.11
firm027,2018Q3,34,158385748.96,102900640.76,31843022.39,29317747.13,7395726.33
firm027,2018Q4,34,176420712.04,138365040.8,26475819.0,33966710.0,15339673.28
firm027,2019Q1,34,173822865.86,139260139.48,14323026.58,21643218.01,11673453.44
firm027,2019Q2,34,183763728.26,148638701.66,14823666.11,23881067.47,20974947.07
firm027,2019Q3,34,177494093.32,114404941.85,22550311.06,29180649.41,9770640.61
firm027,2019Q4,34,156427052.26,103331130.85,9316415.33,20057855.52,13360228.03
firm027,2020Q1,34,186229247.58,135957246.86,17169979.63,28588167.74,9738277.4
firm027,2020Q2,34,153503773.1,103161999.67,17664140.46,17704347.51,16170322.14
firm027,2020Q3,34,183566898.65,123565174.32,8428609.18,22577853.1,11946998.82
firm027,2020Q4,34,171879997.77,119691349.75,29347403.44,18248467.63,10211895.04
firm027,2021Q1,34,157405531.13,111369491.47,33461918.23,27950611.57,13376021.28
firm027,2021Q2,34,163804883.61,126966701.01,10678996.23,24080450.79,13577955.42
firm027,2021Q3,34,157453114.27,104838178.63,17153138.52,24943398.44,11553048.27
firm027,2021Q4,34,163972341.36,127395258.42,20197892.06,20286755.74,11814980.48
firm027,2022Q1,34,169268503.3,136901171.46,24338262.78,33300702.69,10596050.46
firm027,2022Q2,34,154552612.6,116349636.25,27636975.18,28323696.22,12537065.97
firm027,2022Q3,34,157391330.86,102007899.24,30156961.64,19119762.11,10513581.96
firm027,2022Q4,34,169351749.97,107688368.03,26901726.6,30643510.44,14467138.77
firm028,2018Q1,32,213725288.31,151511821.36,18587053.59,31552559.09,18309443.76
firm028,2018Q2,32,213247716.81,168605080.16,15804131.1,26947281.7,16597718.48
firm028,2018Q3,32,217306088.54,173869273.56,17229404.06,39841723.03,20688691.31
firm028,2018Q4,32,221064713.59,162262452.62,32411960.82,34364294.41,16457057.06
firm028,2019Q1,32,216661319.22,148948015.26,29292043.31,33163698.09,14764191.9
firm028,2019Q2,32,201554716.21,161489578.39,16029309.75,21895373.22,24441164.46
firm028,2019Q3,32,187045711.81,124607234.23,20951679.36,33291474.93,19685284.59
firm028,2019Q4,32,189833401.12,126523040.21,34895824.4,29666929.66,18669049.15
firm028,2020Q1,32,197071084.78,133614115.4,31625443.41,23780116.43,12544285.59
firm028,2020Q2,32,197188870.57,135470688.3,12495359.61,25432031.78,11596100.28
firm028,2020Q3,32,203840296.3,154697150.99,21924364.65,21824490.48,19047806.77
firm028,2020Q4,32,211141410.03,138374469.58,21080107.8,41610804.92,19986461.4
firm028,2021Q1,32,200731653.86,134854535.29,12327098.05,20993207.23,12284579.91
firm028,2021Q2,32,202046541.46,145413637.12,12661153.46,29385494.6,15951344.95
firm028,2021Q3,32,215053611.79,172959162.05,33846735.87,31979385.84,25353924.8
firm028,2021Q4,32,207386575.88,132798341.47,9967318.0,33287375.3,17442987.52
firm028,2022Q1,32,208659755.04,149563914.15,24002235.41,34701952.01,19939454.87
firm028,2022Q2,32,188096809.97,134528205.04,16940109.75,27904818.83,14180194.66
firm028,2022Q3,32,185218078.11,144097904.52,22093086.85,34722210.47,10646837.37
firm028,2022Q4,32,186171188.21,120121280.38,31494520.89,28052358.76,16522954.06
firm029,2018Q1,33,87523729.16,70754497.11,32053206.59,14089754.88,10592713.45
firm029,2018Q2,33,92313792.79,71515210.61,18042528.64,15137345.26,8494125.51
firm029,2018Q3,33,87945699.03,67249346.38,8040912.01,14003392.45,5352023.2
firm029,2018Q4,33,95331760.38,73316204.75,31375030.09,11780354.75,9390384.5
firm029,2019Q1,33,87548381.92,63083648.38,14673178.16,8992312.2,8846606.6
firm029,2019Q2,33,85973140.04,69502359.5,21211536.01,14779267.44,10178046.13
firm029,2019Q3,33,91400133.94,63304152.9,27855421.7,11811936.56,6266047.94
firm029,2019Q4,33,83667907.85,67133253.93,8063409.19,14564408.24,5940183.71
firm029,2020Q1,33,99764289.35,75018625.44,19515480.14,17827685.74,7200467.08
firm029,2020Q2,33,95555497.86,77831334.76,26889448.34,15846918.98,7827846.95
firm029,2020Q3,33,95520981.85,68720156.46,19092286.91,15614342.15,7421536.42
firm029,2020Q4,33,94314505.38,61603108.95,12506043.67,18719515.29,9327199.09
firm029,2021Q1,33,84202034.36,58967806.23,11948297.82,11969098.53,4664420.46
firm029,2021Q2,33,91714349.5,67894716.44,24779380.35,10906552.92,8954605.23
firm029,2021Q3,33,82694437.61,58096653.57,33214720.88,16486751.36,7304481.71
firm029,2021Q4,33,92090606.38,60990563.78,12228070.48,14378523.6,4299105.04
firm029,2022Q1,33,87297051.96,70330773.41,23978137.59,14803943.42,7315703.63
firm029,2022Q2,33,96729288.5,71464496.61,22475679.25,18003555.55,5785812.72
firm029,2022Q3,33,94408637.24,69913157.67,12600584.92,11266473.4,10556933.08
firm029,2022Q4,33,88604450.29,57328016.0,25468876.06,16829862.52,7771913.46
firm030,2018Q1,33,192188658.11,129400034.69,12627237.02,36378750.62,10519204.16
firm030,2018Q2,33,186600783.8,139027096.99,33864989.53,24589789.5,20438285.29
firm030,2018Q3,33,160322067.15,124484971.18,16833643.34,23416292.67,17643909.6
firm030,2018Q4,33,179452808.17,127707426.79,15900215.14,31501574.09,14293570.49
firm030,2019Q1,33,165814312.24,115808075.81,29490863.67,17553498.79,11465164.14
firm030,2019Q2,33,182685040.63,135649721.2,19865669.87,21113210.09,10076539.6
firm030,2019Q3,33,171280936.08,129772649.39,15232330.02,32578638.95,16319621.76
firm030,2019Q4,33,173173997.39,133507017.17,16091256.98,32798504.23,13761092.72
firm030,2020Q1,33,157448567.83,128432312.57,21394225.19,29971793.95,10250555.9
firm030,2020Q2,33,164250667.66,117725634.85,32176233.38,17936651.29,13946248.04
firm030,2020Q3,33,183758612.06,128278597.87,20023700.58,35534221.58,15179599.09
firm030,2020Q4,33,181379042.03,136867282.37,32225741.67,24331260.95,16320868.43
firm030,2021Q1,33,164729163.71,113096662.41,30189959.33,32348206.29,11254639.3
firm030,2021Q2,33,183884214.35,133780216.02,26699959.59,25125679.44,13619473.2
firm030,2021Q3,33,164471986.14,118467598.1,9506277.2,30597082.73,10894438.14
firm030,2021Q4,33,179412750.05,129388816.63,17380306.9,34874745.08,18943301.5
firm030,2022Q1,33,182963431.89,117767890.1,20483600.46,30208662.85,9254729.4
firm030,2022Q2,33,181581131.88,142230042.26,33628371.41,27274397.89,10323791.75
firm030,2022Q3,33,164534670.17,128510181.04,12006112.7,26692466.11,16550615.29
firm030,2022Q4,33,172800087.52,134271963.21,11317377.45,27995060.39,13996969.18
firm031,2018Q1,32,205146611.13,165504432.44,11087136.65,26347075.56,22788809.07
firm031,2018Q2,32,211744390.22,152299644.61,10331974.4,34451371.32,15353243.88
firm031,2018Q3,32,186077282.52,118693842.3,16571240.93,33120857.61,12692986.37
firm031,2018Q4,32,199245368.75,146286665.74,18223692.37,24089206.37,15705649.83
firm031,2019Q1,32,203424836.37,131464351.52,10738520.31,22641379.22,20770927.75
firm031,2019Q2,32,195391911.8,128225795.62,29786187.44,28639728.83,11176044.48
firm031,2019Q3,32,205067999.92,129956473.8,15590553.74,23690408.17,13076383.96
firm031,2019Q4,32,190810878.97,152552652.88,18671186.22,22022459.49,12249554.29
firm031,2020Q1,32,190160000.9,137705831.01,9153358.36,21906071.21,16527513.91
firm031,2020Q2,32,201896645.41,154055475.72,22160568.81,29111718.22,21318087.18
firm031,2020Q3,32,212643478.96,138659960.32,11817410.91,41948786.12,12524699.47
firm031,2020Q4,32,196557973.03,123816813.99,18870849.96,28708193.95,12461386.23
firm031,2021Q1,32,216184683.06,164817749.66,34751075.83,37697711.74,15471840.72
firm031,2021Q2,32,194599096.69,137753015.95,28428797.81,22067832.11,18714011.61
firm031,2021Q3,32,186161513.48,152065241.66,25119516.26,36165012.0,21509172.49
firm031,2021Q4,32,194101776.58,152879022.01,18868651.62,30466036.99,14949077.86
firm031,2022Q1,32,208689359.96,138182036.82,24003078.19,41333004.6,16224065.62
firm031,2022Q2,32,214854204.75,175643411.96,26949619.46,42686806.61,23921768.18
firm031,2022Q3,32,217084665.08,142960391.16,31886544.27,22473617.41,15484021.5
firm031,2022Q4,32,208316583.92,144665499.49,19095267.68,24667374.58,20251218.2
firm032,2018Q1,34,88470582.76,62309101.81,34793520.95,12401071.65,6232363.9
firm032,2018Q2,34,98331707.48,68017261.07,14373324.74,13586627.96,10272013.73
firm032,2018Q3,34,89991381.02,58153802.19,28361466.86,10687762.5,4755748.31
firm032,2018Q4,34,91943257.55,73235668.34,33387745.57,17770032.19,7195237.89
firm032,2019Q1,34,104782181.44,66292238.43,21010081.58,16263780.82,7321315.59
firm032,2019Q2,34,106191768.28,81856260.33,20892395.42,18399515.64,11347424.49
firm032,2019Q3,34,89400404.55,61192392.48,16843302.55,17372829.66,8984179.34
firm032,2019Q4,34,93051413.19,76081599.22,9958348.51,12413136.78,6703651.03
firm032,2020Q1,34,97318211.93,77949143.08,29272286.11,10094513.05,7199028.72
firm032,2020Q2,34,102298233.63,69157369.38,30086362.81,16599064.44,9180460.77
firm032,2020Q3,34,101069434.47,74323299.8,12979840.87,18310542.02,8973590.55
firm032,2020Q4,34,101213502.93,63283152.46,12903071.15,15843172.51,8993780.72
firm032,2021Q1,34,94229707.84,72580888.15,8040799.69,9843598.87,9578232.55
firm032,2021Q2,34,106363033.58,72661901.28,17076326.69,14254096.26,8878375.85
firm032,2021Q3,34,94871665.83,65729840.49,28715009.0,9505166.81,9751618.0
firm032,2021Q4,34,101589787.44,82424635.8,30710924.81,18222349.6,7942329.46
firm032,2022Q1,34,102359650.76,75691466.45,17434773.64,18526326.76,8633138.87
firm032,2022Q2,34,106305163.04,81252992.46,31755009.49,20212793.74,9965552.66
firm032,2022Q3,34,104527664.95,77297302.78,21810364.2,20853892.44,10253220.14
firm032,2022Q4,34,100611640.61,82266465.04,24984447.54,10089777.52,10765679.44
firm033,2018Q1,32,169650097.6,130554760.86,34986954.4,31033941.93,20865806.62
firm033,2018Q2,32,175267671.16,111350301.35,23700014.53,28987533.66,15316769.94
firm033,2018Q3,32,173287281.63,135365841.54,22635192.65,23047810.34,12788374.17
firm033,2018Q4,32,156463979.11,125841026.87,31233052.93,30407206.43,14555072.15
firm033,2019Q1,32,163053425.07,108985905.27,24291826.27,29259957.03,10694486.33
firm033,2019Q2,32,167963293.41,122340425.61,22077008.09,31431974.41,11852437.46
firm033,2019Q3,32,165805376.13,116756494.99,31402751.29,27722331.51,12716469.43
firm033,2019Q4,32,166352063.6,136216857.09,21242361.8,25219655.7,10866025.73
firm033,2020Q1,32,170343180.83,123215457.86,33497115.88,19253283.48,18790017.25
firm033,2020Q2,32,180115922.01,114419412.82,8318352.14,32067702.37,9002925.78
firm033,2020Q3,32,159718658.06,108054032.44,28225574.29,27850065.01,15211332.54
firm033,2020Q4,32,164694713.32,116789453.08,31913480.32,23971250.22,12145242.83
firm033,2021Q1,32,176518590.44,120802391.12,10610176.76,26568158.03,11569791.65
firm033,2021Q2,32,157563409.22,102036979.84,20844903.86,19249484.23,14118692.0
firm033,2021Q3,32,157945439.29,103415473.74,27838115.73,16721395.31,7627046.83
firm033,2021Q4,32,181328932.53,137487679.51,32454748.27,25674285.46,13047106.53
firm033,2022Q1,32,184685344.21,128835907.1,21211218.94,24178799.07,16622970.53
firm033,2022Q2,32,162432161.06,130279036.64,26510009.44,27510935.83,14626268.22
firm033,2022Q3,32,152581864.61,118100544.5,15050200.3,28266875.74,9206534.07
firm033,2022Q4,32,166778406.45,108221462.45,11110568.88,20212967.01,10952963.89
firm034,2018Q1,31,176722776.64,139700836.54,10971838.43,27578266.68,18784929.87
firm034,2018Q2,31,196243973.18,122057036.8,27538206.7,26313746.3,16730212.86
firm034,2018Q3,31,179982022.19,139667795.65,12447884.29,34460629.55,14650663.17
firm034,2018Q4,31,189886368.76,128846461.19,11646319.62,25502303.14,16843507.4
firm034,2019Q1,31,194053356.04,139600545.35,17010273.38,37488323.21,19075092.43
firm034,2019Q2,31,177308462.49,133078685.82,14877261.74,26558952.43,14108877.65
firm034,2019Q3,31,169915098.23,108354184.9,14161851.66,30567504.17,14994822.94
firm034,2019Q4,31,176806744.47,140772108.5,12267213.26,30663535.93,19518650.72
firm034,2020Q1,31,163521529.12,129697415.49,28902843.56,23947152.65,14850507.41
firm034,2020Q2,31,182034300.55,130287297.0,9475037.98,26052053.0,19262037.44
firm034,2020Q3,31,180253084.24,120577289.35,32515143.71,25712766.31,10437333.62
firm034,2020Q4,31,182438558.24,119466744.24,24845729.95,30601340.85,10432502.42
firm034,2021Q1,31,172380230.2,127147063.54,13939915.96,31400886.52,17269425.59
firm034,2021Q2,31,167397124.59,123508835.95,23462449.32,22990753.33,15949038.1
firm034,2021Q3,31,176498901.03,125112262.62,18642766.27,27780543.42,8770238.94
firm034,2021Q4,31,182634027.67,117604505.69,14135091.96,33115406.59,10636255.21
firm034,2022Q1,31,183332499.97,122950119.72,34879785.17,36334674.22,12279742.71
firm034,2022Q2,31,193756915.4,155419126.76,13511288.16,26653479.68,13514504.84
firm034,2022Q3,31,169303167.47,122792834.42,21559465.35,24578486.58,10792977.88
firm034,2022Q4,31,180217640.68,145850959.19,17716127.57,30411881.73,13236359.27
firm035,2018Q1,34,169046579.3,106662866.65,31572496.49,21255080.86,9127486.84
firm035,2018Q2,34,196695993.6,138062203.53,17288005.8,21594763.52,12774580.91
firm035,2018Q3,34,185134008.37,150274068.14,10615852.98,36366878.73,23855797.06
firm035,2018Q4,34,177095907.4,132740666.26,28543448.72,24911653.78,14995443.26
firm035,2019Q1,34,178633908.54,134048911.34,21079485.91,21115780.21,16424205.15
firm035,2019Q2,34,201279887.75,132982951.6,29474626.98,30866719.39,19041672.0
firm035,2019Q3,34,187838609.6,120242276.02,16310701.69,33724870.71,13931005.67
firm035,2019Q4,34,189003917.59,128676623.57,25201188.56,19324895.42,10723496.58
firm035,2020Q1,34,177554785.23,126809062.38,14971267.93,28730541.1,18384219.96
firm035,2020Q2,34,170081496.3,115855284.4,25724181.58,27420365.7,16771125.4
firm035,2020Q3,34,191802324.16,149682134.16,8336306.9,21670503.97,21807829.09
firm035,2020Q4,34,189418341.21,123392452.47,20030839.34,28218390.76,15897752.58
firm035,2021Q1,34,191061031.55,148225790.28,34602309.09,29122707.52,22669586.94
firm035,2021Q2,34,193576128.82,151558947.05,10582165.73,23538125.22,13579969.39
firm035,2021Q3,34,189050767.66,127886497.98,13280167.53,36716789.02,14484114.55
firm035,2021Q4,34,186668988.53,133206023.29,20501487.77,23407979.78,13163457.57
firm035,2022Q1,34,198809888.56,160449360.97,15307231.68,29029824.05,13826128.98
firm035,2022Q2,34,196095308.74,147517589.34,29410738.34,38274018.63,21109445.1
firm035,2022Q3,34,194904353.17,122027991.62,14214067.57,38123706.15,10461025.96
firm035,2022Q4,34,201036197.32,145656401.14,22708407.31,37953226.06,11744481.42
firm036,2018Q1,32,213035111.89,142415991.43,13632220.52,21780608.34,14186228.35
firm036,2018Q2,32,185081322.92,138357192.17,8168596.05,26588820.86,20711967.22
firm036,2018Q3,32,204888106.15,140537900.7,10926170.42,40041586.89,10069758.44
firm036,2018Q4,32,202262469.9,140312186.48,28758210.96,32166149.58,21673046.97
firm036,2019Q1,32,220554868.86,168823368.18,20865369.46,33830696.31,25778967.32
firm036,2019Q2,32,211820995.85,163049455.71,33374143.67,29078115.73,23597866.02
firm036,2019Q3,32,212539197.55,148084343.44,28386396.19,23526570.77,10604299.47
firm036,2019Q4,32,217399227.2,177274281.53,19684814.14,30213262.72,16026883.33
firm036,2020Q1,32,219944420.28,147821091.15,25443722.39,39933019.52,16373443.74
firm036,2020Q2,32,220795168.51,153039075.18,28966739.29,26809846.07,17338943.2
firm036,2020Q3,32,210311855.06,141028875.3,30497807.79,40804416.21,13541511.99
firm036,2020Q4,32,202037406.33,125943729.63,18916688.73,32274873.27,10650784.84
firm036,2021Q1,32,221600076.28,145169670.52,21660276.39,22368559.24,14057408.04
firm036,2021Q2,32,214556124.38,150535129.7,31137367.74,39037324.25,16419424.09
firm036,2021Q3,32,188351847.02,147277671.84,32864260.6,23428065.0,11304715.38
firm036,2021Q4,32,216205741.53,160349245.94,15014387.09,25346868.54,18396313.34
firm036,2022Q1,32,219552325.39,143462500.82,27500955.35,27511428.37,17681947.99
firm036,2022Q2,32,200065452.19,146704610.96,11649879.54,37271817.63,23270307.75
firm036,2022Q3,32,202145527.0,141631880.53,29333531.89,23615935.75,10810298.71
firm036,2022Q4,32,211021064.99,153895796.43,25061865.85,21711093.84,22731884.59
firm037,2018Q1,32,160666289.65,118474437.75,33266487.43,17241506.42,12731981.96
firm037,2018Q2,32,187416787.18,153456661.44,27780134.8,25985403.52,16824122.67
firm037,2018Q3,32,169436328.24,133377135.46,17616390.52,22838791.96,12878734.5
firm037,2018Q4,32,170828590.97,134532871.06,34588241.76,33025866.13,16234257.95
firm037,2019Q1,32,166884768.43,133047317.23,19397479.61,17892449.01,13494863.25
firm037,2019Q2,32,165283150.42,108454529.61,29669885.9,24101316.24,11414813.33
firm037,2019Q3,32,182987689.28,128086138.86,15710144.56,36281210.19,14650520.7
firm037,2019Q4,32,186655850.65,122603625.11,21226382.29,29673896.78,15620312.19
firm037,2020Q1,32,157142746.67,127693972.57,27032250.73,28137206.83,18203207.46
firm037,2020Q2,32,189239791.83,123952100.41,32464963.15,22064590.19,9641956.13
firm037,2020Q3,32,161446023.37,113960801.87,25265316.42,26546299.76,17128824.91
firm037,2020Q4,32,181247609.96,148358710.5,15095471.32,30544706.48,15955338.45
firm037,2021Q1,32,172981530.46,127841828.52,25431823.45,23929563.08,12335018.87
firm037,2021Q2,32,156826625.17,120581602.55,31844374.34,26729707.85,11600094.87
firm037,2021Q3,32,187065814.3,134534000.25,29959597.88,30512314.88,21006421.95
firm037,2021Q4,32,174952774.03,141486776.41,19192817.88,28613206.66,12031609.94
firm037,2022Q1,32,189421455.13,152834527.55,32471264.97,33776110.58,15343395.63
firm037,2022Q2,32,168674067.5,114763190.67,21646736.99,20478999.05,18061659.23
firm037,2022Q3,32,190087433.5,123873841.84,22268371.8,32125051.37,10657986.02
firm037,2022Q4,32,157813646.77,122233802.83,10244205.4,17448343.95,17237852.95
firm038,2018Q1,33,89600640.48,62282556.56,8389863.17,15555057.75,7652714.46
firm038,2018Q2,33,79842213.9,55179070.45,12051443.86,9059548.03,6690474.09
firm038,2018Q3,33,85072285.47,56202551.38,16029610.09,16979063.41,5720175.13
firm038,2018Q4,33,84194428.38,54884173.75,8664019.14,13573106.41,5033002.26
firm038,2019Q1,33,88510865.33,58972001.47,17957217.87,14581935.46,7798018.5
firm038,2019Q2,33,81771480.32,62588228.67,23191044.18,14841980.48,8647494.78
firm038,2019Q3,33,89835492.0,60448402.42,10194678.57,9008815.9,6028520.75
firm038,2019Q4,33,82952993.69,55833857.0,12323169.93,11839260.12,5443886.88
firm038,2020Q1,33,76505975.82,60240442.55,22033254.84,8990194.43,6006094.82
firm038,2020Q2,33,85689715.59,54789127.09,22028233.08,14880716.97,4644389.23
firm038,2020Q3,33,84556794.9,67583055.54,26997211.25,12236271.78,4884774.24
firm038,2020Q4,33,91682150.79,74844821.65,29166467.36,11270316.93,9163888.98
firm038,2021Q1,33,89536619.89,65027609.47,34192345.01,14294412.53,4586157.56
firm038,2021Q2,33,80983260.12,66336920.45,34483246.48,15572140.94,5871058.53
firm038,2021Q3,33,80255551.62,59472655.92,8937725.03,15176810.88,6784878.69
firm038,2021Q4,33,88305432.92,65584231.2,17743781.49,16803933.76,6033839.5
firm038,2022Q1,33,84613551.39,59580199.57,27397615.94,14446333.29,6590065.23
firm038,2022Q2,33,81544332.83,53958947.51,9264022.46,11743174.7,3790581.93
firm038,2022Q3,33,81925938.22,66663350.56,25617400.05,11582335.99,10332697.87
firm038,2022Q4,33,92765176.85,71923371.83,16214472.82,17494225.57,10154282.16
firm039,2018Q1,31,164981266.83,119629141.42,25784849.12,31719475.2,16078888.71
firm039,2018Q2,31,175585722.37,120259647.52,12128488.8,30576797.75,13455752.11
firm039,2018Q3,31,167940947.34,109702285.69,14608763.02,29911755.26,12433273.91
firm039,2018Q4,31,186094498.94,123497386.96,33039153.16,33111964.81,17772369.53
firm039,2019Q1,31,169467430.4,108429924.91,23030373.26,24621629.43,9815665.71
firm039,2019Q2,31,161603646.87,107481631.55,8380087.03,31619635.3,11616675.69
firm039,2019Q3,31,165261628.9,103593602.86,24994266.72,31973402.39,10741528.01
firm039,2019Q4,31,155659033.7,101067568.17,32259540.66,28048093.54,10870461.69
firm039,2020Q1,31,159411957.58,115927477.44,8641120.62,26110677.93,17433916.83
firm039,2020Q2,31,156674763.83,126203353.4,14603100.99,24080158.58,12500967.2
firm039,2020Q3,31,174953913.29,131574312.9,25092296.12,31382423.98,15535590.8
firm039,2020Q4,31,173320133.23,108615270.59,28943100.21,22260619.59,7612148.34
firm039,2021Q1,31,185825489.69,146279091.43,33573038.25,25285246.62,10562407.96
firm039,2021Q2,31,161386140.12,130208671.39,24303141.3,31021622.6,20600705.34
firm039,2021Q3,31,177985486.83,144477490.82,28877113.51,32685262.05,15951223.32
firm039,2021Q4,31,178916226.11,112315000.78,34905782.58,33853239.02,12748389.95
firm039,2022Q1,31,169585515.68,138337163.2,27028180.34,33702475.32,21938605.9
firm039,2022Q2,31,160104228.07,126926202.8,22457156.3,17013839.56,17937622.38
firm039,2022Q3,31,169429274.66,126346007.67,9155921.37,26027251.62,20008129.54
firm039,2022Q4,31,155272834.56,98837265.61,14472023.9,30600439.49,15392751.04
firm040,2018Q1,34,163072143.55,130798044.2,34088760.41,19295400.26,14350513.63
firm040,2018Q2,34,164798537.74,115815527.95,31439961.36,26262554.04,9540164.99
firm040,2018Q3,34,195619849.38,143092289.22,10007485.1,26714249.25,11893708.22
firm040,2018Q4,34,192531538.57,134446988.28,21491452.26,35431930.13,16280433.97
firm040,2019Q1,34,162680123.85,103283465.93,12687175.57,27242621.7,12968474.32
firm040,2019Q2,34,173738270.55,118597072.36,10164602.46,18584136.05,15080383.15
firm040,2019Q3,34,189383372.07,136442955.7,26596662.87,27413459.33,10218600.11
firm040,2019Q4,34,161027850.8,125645619.34,31412414.63,31943293.66,12272311.36
firm040,2020Q1,34,187185812.6,143765440.44,25970595.49,34080584.09,22426832.6
firm040,2020Q2,34,168158658.45,128751567.28,19160400.63,30727234.96,19585799.59
firm040,2020Q3,34,194613609.03,150116118.96,32827792.16,21758560.79,11776836.27
firm040,2020Q4,34,175853672.05,134359096.13,29787942.12,32304593.41,10995998.23
firm040,2021Q1,34,185409702.65,135502302.81,12512421.82,27337367.83,18938083.17
firm040,2021Q2,34,166853494.45,133315656.42,12435579.76,18049211.37,13691283.06
firm040,2021Q3,34,188781830.84,146310153.38,31353683.95,22268589.84,13111863.5
firm040,2021Q4,34,168309339.65,111328241.19,19409260.09,33578059.42,14579671.32
firm040,2022Q1,34,173106037.78,140562215.51,23183054.8,17981902.78,10768048.95
firm040,2022Q2,34,180759794.93,119092837.04,15266338.33,24812754.05,14730177.82
firm040,2022Q3,34,194249177.21,123859713.53,32922124.71,27781820.72,12135226.8
firm040,2022Q4,34,171268111.93,118405491.38,19347993.96,23914728.51,17310506.75
